@booklet
{
    kompendium,
    author = {Jan Arthur Christophersen, Kristian Ranestad},
    title = {Geometri - MAT2500},
    year = 2017
}

@unpublished
{
    honors,
    author = {Christopher Triola},
    title = {Special orthogonal groups and rotations},
    year = 2009
}